@article{mcculloch_pitts,
  author = {Warren S. McCulloch; Walter Pitts},
  journal = {Bulletin of Mathematical Biophysics, Society for Mathematical Biology},
  number = {},
  title = {A Logical Calculus of the Ideas Immanent in Nervous Activity},
  volume = {5},
  year = {1943}
}